% Encoding: UTF-8

@Article{Goesling2018,
  author    = {G{\"o}{\ss}ling, S{\"o}nke and Stypka, Sebastian and Bahr, Matthias and Oberschachtsiek, Bernd and Heinzel, Angelika},
  journal   = {Chemie Ingenieur Technik},
  title     = {Proton Exchange Membrane Water Electrolysis Modeling for System Simulation and Degradation Analysis},
  year      = {2018},
  volume    = {90},
  number    = {10},
  pages     = {1437--1442},
  publisher = {Wiley Online Library},
}

@Article{Lettenmeier2016,
  author    = {Lettenmeier, P and Wang, R and Abouatallah, R and Helmly, S and Morawietz, T and Hiesgen, R and Kolb, S and Burggraf, F and Kallo, J and Gago, AS and others},
  journal   = {Electrochimica Acta},
  title     = {Durable membrane electrode assemblies for proton Exchange membrane electrolyzer systems operating at high current densities},
  year      = {2016},
  volume    = {210},
  pages     = {502--511},
  publisher = {Elsevier},
}

@Article{Chandesris2015,
  author    = {Chandesris, M and M{\'e}deau, V and Guillet, N and Chelghoum, S and Thoby, D and Fouda-Onana, F},
  journal   = {International Journal of Hydrogen Energy},
  title     = {Membrane degradation in PEM water electrolyzer: Numerical modeling and experimental evidence of the influence of temperature and current density},
  year      = {2015},
  volume    = {40},
  number    = {3},
  pages     = {1353--1366},
  publisher = {Elsevier},
}

@Article{Rakousky2016,
  author    = {Rakousky, Christoph and Reimer, Uwe and Wippermann, Klaus and Carmo, Marcelo and Lueke, Wiebke and Stolten, Detlef},
  journal   = {Journal of Power Sources},
  title     = {An analysis of degradation phenomena in polymer electrolyte membrane water electrolysis},
  year      = {2016},
  volume    = {326},
  pages     = {120--128},
  publisher = {Elsevier},
}

@Misc{Hamann2005,
  author    = {Hamann, Carl H and Vielstich, Wolf},
  title     = {Elektrochemie, 4., vollst. {\"u}berarb. und aktualisierte Aufl},
  year      = {2005},
  publisher = {Wiley-VCH: Weinheim, Germany},
}

@Article{Schalenbach2015,
  author    = {Schalenbach, Maximilian and Stolten, Detlef},
  journal   = {Electrochimica acta},
  title     = {High-pressure water electrolysis: Electrochemical mitigation of product gas crossover},
  year      = {2015},
  volume    = {156},
  pages     = {321--327},
  publisher = {Elsevier},
}

@InProceedings{Gabrielli2016,
  author       = {Gabrielli, Paolo and Flamm, Ben and Eichler, Annika and Gazzani, Matteo and Lygeros, John and Mazzotti, Marco},
  title        = {Modeling for optimal operation of PEM fuel cells and electrolyzers},
  booktitle    = {2016 IEEE 16th international conference on environment and electrical engineering (EEEIC)},
  year         = {2016},
  pages        = {1--7},
  organization = {IEEE},
}

@Book{Tjarks2017,
  title     = {PEM-Elektrolyse-Systeme zur Anwendung in Power-to-Gas Anlagen},
  publisher = {Lehrstuhl f{\"u}r Brennstoffzellen (FZ J{\"u}lich)},
  year      = {2017},
  author    = {Tjarks, Geert Hauke and Stolten, Detlef and We{\ss}ling, Matthias},
  number    = {RWTH-2017-04470},
}

@Article{Schalenbach2013,
  author    = {Schalenbach, Maximilian and Carmo, Marcelo and Fritz, David L and Mergel, J{\"u}rgen and Stolten, Detlef},
  journal   = {International Journal of Hydrogen Energy},
  title     = {Pressurized PEM water electrolysis: Efficiency and gas crossover},
  year      = {2013},
  volume    = {38},
  number    = {35},
  pages     = {14921--14933},
  publisher = {Elsevier},
}

@Article{Ulleberg2003,
  author    = {Ulleberg, {\O}ystein},
  journal   = {International journal of hydrogen energy},
  title     = {Modeling of advanced alkaline electrolyzers: a system simulation approach},
  year      = {2003},
  volume    = {28},
  number    = {1},
  pages     = {21--33},
  publisher = {Elsevier},
}

@Article{KSB2005,
  author      = {KSB},
  journal     = {Frankenthal (Pfalz)},
  title       = {Auslegung von Kreiselpumpen},
  year        = {2005},
  institution = {KSB Aktiengesellschaft},
}

@Article{Liso2018,
  author    = {Liso, Vincenzo and Savoia, Giorgio and Araya, Samuel Simon and Cinti, Giovanni and K{\ae}r, S{\o}ren Knudsen},
  journal   = {Energies},
  title     = {Modelling and Experimental Analysis of a Polymer Electrolyte Membrane Water Electrolysis Cell at Different Operating Temperatures},
  year      = {2018},
  volume    = {11},
  number    = {12},
  pages     = {3273},
  publisher = {Multidisciplinary Digital Publishing Institute},
}

@Article{Ruuskanen2018,
  author    = {Ruuskanen, Vesa and Koponen, Joonas and Sillanp{\"a}{\"a}, Teemu and Huoman, Kimmo and Kosonen, Antti and Niemel{\"a}, Markku and Ahola, Jero},
  journal   = {Renewable energy},
  title     = {Design and implementation of a power-hardware-in-loop simulator for water electrolysis emulation},
  year      = {2018},
  volume    = {119},
  pages     = {106--115},
  publisher = {Elsevier},
}

@Article{Trinke2018,
  author    = {Trinke, P and Haug, P and Brauns, J and Bensmann, B and Hanke-Rauschenbach, R and Turek, T},
  journal   = {Journal of The Electrochemical Society},
  title     = {Hydrogen crossover in PEM and alkaline water electrolysis: mechanisms, direct comparison and mitigation strategies},
  year      = {2018},
  volume    = {165},
  number    = {7},
  pages     = {F502--F513},
  publisher = {The Electrochemical Society},
}

@Article{Schroeer2015,
  author  = {Schr{\"o}er, R and K{\"o}tter, DIFE and Schneider, ML},
  journal = {Reiner-Lemoine-Institut, Berlin},
  title   = {Die Rolle von Power-to-Gas in der zuk{\"u}nftigen Stromversorgung-Das optimierte Stromversorgungsystem bei hohen Anteilen Erneuerbarer Energien am Beispiel der Modellregion Trier-Amprion 5},
  year    = {2015},
}

@Book{Schmiegel2019,
  title     = {Energiespeicher f{\"u}r die Energiewende: Auslegung und Betrieb von Speichersystemen},
  publisher = {Carl Hanser Verlag GmbH Co KG},
  year      = {2019},
  author    = {Schmiegel, Armin U},
}

@Article{Sterner2014b,
  author  = {Sterner, Michael and Thema, Martin and Eckert, Fabian and Moser, Albert and Sch{\"a}fer, Andreas and Drees, Tim and Rehtanz, C and H{\"a}ger, U and Seack, A and Sauer, DU and others},
  journal = {Hg. v. Agora Energiewende},
  title   = {Stromspeicher in der Energiewende: Untersuchung zum Bedarf an neuen Stromspeichern in Deutschland f{\"u}r den Erzeugungsausgleich, Systemdienstleistungen und im Verteilnetz},
  year    = {2014},
  volume  = {11},
  pages   = {2017},
  url     = {ttps://www. agoraenergiewende. de/fileadmin/downloads/publikationen/Studien/Speicher\_in\_der\_Energi ewende/Agora\_Speicherstudie\_Web. pdf},
}

@InCollection{Zahoransky2019,
  author    = {Zahoransky, Richard and Allelein, Hans-Josef},
  title     = {Energiespeicherung},
  booktitle = {Energietechnik},
  publisher = {Springer},
  year      = {2019},
  pages     = {525--567},
}

@Article{Matthes2018,
  author  = {Matthes, Felix Chr and Flachsbarth, Franziska and Loreck, Charlotte and Hermann, Hauke and Falkenberg, Hanno and Cook, Vanessa},
  journal = {Teil2: Regionalisierung der erneuerbaren Stromerzeugung. Studie f{\"u}r WWF Deutschland. Hg. v. WWF Deutschland. {\"O}ko-Institut},
  title   = {Zukunft Stromsystem},
  year    = {2018},
}

@Article{Robinius2018,
  author  = {Robinius, Martin and Lin{\ss}en, Jochen and Grube, Thomas and Reu{\ss}, Markus and Stenzel, Peter and Syranidis, Konstantinos and Kuckertz, Patrick and Stolten, Detlef},
  journal = {Forschungszentrum J{\"u}lich. J{\"u}lich (Schriften des Forschungszentrums J{\"u}lich, Reihe Energie und Umwelt, 408)},
  title   = {Comparative Analysis of Infrastructures: Hydrogen Fueling and Electric Charging of Vehicles},
  year    = {2018},
}

@Book{Zapf.2017,
  title     = {Stromspeicher und Power-to-Gas im deutschen Energiesystem: Rahmenbedingungen, Bedarf und Einsatzm{\"o}glichkeiten},
  publisher = {{Springer Vieweg}},
  year      = {2017},
  author    = {Zapf, Martin},
  address   = {Wiesbaden},
  isbn      = {978-3-658-15073-0},
  abstract  = {Stromsystem -- Speichertechnologien -- Rechtsrahmen -- Stromspeicherbedarf -- Netzdienlichkeit und Netzvertr{\"a}glichkeit von neuen Stromverbrauchern wie Power-to-Gas -- Gasgestehungskosten -- Rechtliche Rahmenbedingungen



Dieses Buch zeigt die M{\"o}glichkeiten der marktreifen Stromspeichertechnologien auf. Es f{\"u}hrt in die Grundlagen des bestehenden Stromsystems ein, konstatiert den Ausbaugrad erneuerbarer Energien und diskutiert die Rahmenbedingungen, Stromm{\"a}rkte und den Bedarf eines Netzausbaus f{\"u}r den Einsatz der Speichertechnologien. Anhand eines Literaturreviews werden der Stromspeicherbedarf abgesch{\"a}tzt und zusammen mit Berechnungen zu Stromspeicherkosten sowie Residuallasten je Ausbaugrad bestimmte Technologien beurteilt. Schlie{\ss}lich zeigt der Autor den Nutzen sowie bestehende H{\"u}rden f{\"u}r eine kosteneffiziente Umsetzung der herauskristallisierten Technologien auf. Den Einsatzm{\"o}glichkeiten von Power-to-Gas ist ein eigenes Kapitel gewidmet. Der Inhalt Das Deutsche Stromsystem - (Regenerative) Erzeugungsanlagen - Stromm{\"a}rkte -Stromnetzausbau Stromspeichertechnologien inkl. Power-to-Gas: Technische Grundlagen - Kosten - Rechtsrahmen{\textless} Stromspeicherbedarf Einsatzm{\"o}glichkeiten von Power-to-Gas - Perspektiven f{\"u}r den Verkehrssektor Die Zielgruppen Projektierer, technische und wirtschaftliche Berater sowie beratende Ingenieure Entscheider in Kommunen, Energiegenossenschaften, Energieversorgungsunternehmen, Verteilnetz- und Gasnetzbetreibern Studierende energietechnischer und energiewirtschaftlicher Fachgebiete technisch interessierte Nicht-Experten Der Autor Martin Zapf ist Diplom-Ingenieur f{\"u}r Versorgungs- und Umwelttechnik und hat einen Masterabschluss in Energiemanagement und Energietechnik. Aktuell ist er als wissenschaftlicher Mitarbeiter an einer bayrischen Hochschule f{\"u}r ein Kooperationsvorhaben mit einem namhaften Industrieunternehmen t{\"a}tig},
  url       = {http://dx.doi.org/10.1007/978-3-658-15073-0},
}

@Article{Wendt.1983,
  author  = {Wendt, H. and Plzak, V.},
  journal = {Electrochimica Acta},
  title   = {Electrocatalytic and thermal activation of anodic oxygen- and cathodic hydrogen-evolution in alkaline water electrolysis},
  year    = {1983},
  volume  = {28},
  number  = {1},
  pages   = {27--34},
  doi     = {10.1016/0013-4686(83)85083-X},
  issn    = {00134686},
}

@Article{Vogt.2005,
  author  = {Vogt, H. and Balzer, R. J.},
  journal = {Electrochimica Acta},
  title   = {The bubble coverage of gas-evolving electrodes in stagnant electrolytes},
  year    = {2005},
  volume  = {50},
  number  = {10},
  pages   = {2073--2079},
  doi     = {10.1016/j.electacta.2004.09.025},
  issn    = {00134686},
}

@Misc{Umweltbundesamt.,
  author = {Umweltbundesamt},
  title  = {Energieziel 2050: 100{\%} aus erneuerbaren Quellen},
}

@Article{Ulleberg.2003,
  author  = {Ulleberg, O.},
  journal = {International Journal of Hydrogen Energy},
  title   = {Modeling of advanced alkaline electrolyzers: A system simulation approach},
  year    = {2003},
  volume  = {28},
  number  = {1},
  pages   = {21--33},
  doi     = {10.1016/S0360-3199(02)00033-2},
  issn    = {03603199},
}

@Article{Thampan.2001,
  author  = {Thampan, Tony and Malhotra, Sanjiv and Zhang, Jingxin and Datta, Ravindra},
  journal = {Catalysis Today},
  title   = {PEM fuel cell as a membrane reactor},
  year    = {2001},
  volume  = {67},
  number  = {1-3},
  pages   = {15--32},
  doi     = {10.1016/S0920-5861(01)00278-4},
  issn    = {09205861},
}

@Book{Sterner.2017,
  title     = {Energiespeicher - Bedarf, Technologien, Integration},
  publisher = {{Springer Vieweg}},
  year      = {2017},
  editor    = {Sterner, Michael and Stadler, Ingo},
  address   = {Berlin},
  edition   = {2. korrigierte und erg{\"a}nzte Auflage},
  isbn      = {978-3-662-48893-5},
  abstract  = {Teil I Bedeutung und Einordnung von Speichern in der Energieversorgung -- Teil II Bedarf an Energiespeicherung -- Teil III Technologien der Energiespeicherung -- Teil IV Integration und Anwendung von Energiespeichern



Die Autoren dieses Werkes geben einen umfassenden {\"U}berblick {\"u}ber die verschiedenen Aspekte der Energiespeicherung. Sie beschreiben zun{\"a}chst die Bedeutung von Energiespeichern in der Energieversorgung und definieren ihre Rolle darin. Dann gehen sie auf den Speicherbedarf in der Strom-, W{\"a}rme- und Kraftstoffversorgung im Kontext der Energiewende ein. Im Hauptteil werden die verschiedenen Speichertechnologien ausf{\"u}hrlich vorgestellt sowie ihre Vor- und Nachteile diskutiert. Praktische Anwendungsbeispiele und die Integration von Speichern {\"u}ber alle Energiesektoren hinweg runden das Buch ab. Zahlreiche Grafiken und Beispiele veranschaulichen das gesamte Feld der Energiespeicher und sind als Erg{\"a}nzung mehrsprachig online in Farbe verf{\"u}gbar. Die 2. Auflage enth{\"a}lt ein neues Kapitel zu den rechtlichen Rahmenbedingungen, neue Studien zum Speicherbedarf, Power-to-X f{\"u}r die chemische Industrie, neue LOHC- und Lageenergiespeicher sowie neueste Trends zu Kostenentwicklung und Batterieanwendungen. {\glqq}Endlich ein umfassendes Buch zur Energiewende, das auch f{\"u}r technische Laien verst{\"a}ndlich und inspirierend geschrieben ist.{\dq} Franz Alt, Journalist und Buchautor {\glqq}Das gro{\ss}artige Werk sei allen empfohlen, die sich wirklich f{\"u}r die Zukunft unseres Landes interessieren. Es zeigt auf eindrucksvolle Weise: Es wird nicht einfach, aber wir schaffen das.{\grqq} Prof. Dr. Harald Lesch, Physiker und Fernsehmoderator Die Zielgruppen Das Lehr- und Fachbuch wendet sich an Ingenieure, Wissenschaftler, Energieberater und Energiewirtschaftler in Forschung und Industrie sowie an Studierende an Hochschulen und Universit{\"a}ten in den Bereichen Maschinenbau, Verfahrenstechnik, Elektrotechnik und Energietechnik. Die Herausgeber Prof. Dr.-Ing. Michael Sterner erforscht und lehrt an der OTH Regensburg die Bereiche Energiespeicher und Energiesystemtechnik. Er entwickelt f{\"u}r Unternehmen und Kommunen Energiekonzepte mit Speichern. Zuvor hat er mit Kollegen die Speichertechnologie Power-to-Gas aus der Taufe gehoben, was nach wie vor sein Kernthema ist. Er arbeitet ehrenamtlich im VDE und VDI und beratend f{\"u}r die EU Kommission (DG Energy) und die Bundesregierung (BMWi). In den Speicherkonferenzen von VDI und Eurosolar ist er leitend t{\"a}tig und Coautor weiterer B{\"u}cher, u. a. eines IPCC-Berichts. Prof. Dr.-Ing. habil. Ingo Stadler forscht und lehrt an der TH K{\"o}ln und ist dort f{\"u}r die Erneuerbaren Energien und Energiewirtschaft verantwortlich. Er promovierte und habilitierte an der Univers ...},
  doi       = {10.1007/978-3-662-48893-5},
  price     = {eBook},
  url       = {http://dx.doi.org/10.1007/978-3-662-48893-5},
}

@Article{Schmidt.2017,
  author  = {Schmidt, O. and Gambhir, A. and Staffell, I. and Hawkes, A. and Nelson, J. and Few, S.},
  journal = {International Journal of Hydrogen Energy},
  title   = {Future cost and performance of water electrolysis: An expert elicitation study},
  year    = {2017},
  volume  = {42},
  number  = {52},
  pages   = {30470--30492},
  doi     = {10.1016/j.ijhydene.2017.10.045},
  issn    = {03603199},
}

@Misc{SchleswigHolstenNetzAG.31.Januar2019,
  author  = {{Schleswig-Holsten-Netz AG}},
  title   = {Ver{\"o}ffentlichungen: Einspeisemanagement-Ma{\ss}nahmen: Abgeschlossene Ma{\ss}nahmen},
  year    = {31. Januar 2019},
  url     = {https://www.sh-netz.com/de/energie-einspeisen/einspeisemanagement/veroeffentlichungen/abgeschlossene-massnahmen.html},
  urldate = {28. Februar 2019},
}

@Book{Schiffer.2019,
  title     = {Energiemarkt Deutschland: Daten und Fakten zu konventionellen und erneuerbaren Energien},
  publisher = {{Springer Fachmedien Wiesbaden}},
  year      = {2019},
  author    = {Schiffer, Hans-Wilhelm},
  address   = {Wiesbaden},
  isbn      = {978-3-658-23024-1},
  abstract  = {Ausgangsdaten -- Struktur der einzelnen Energie-Teilm{\"a}rkte -- Mineral{\"o}l -- Braunkohle -- Steinkohle -- Erdgas -- Elektrizit{\"a}t -- Erneuerbare Energien -- Preisbildung in der Energiewirtschaft -- Entwicklung der Energienachfrage -- Klimaschutz und Emissionshandel -- Perspektiven der Energieversorgung -- Energiepolitik auf Bundesebene



Energiewirtschaftliche Entscheidungen und technische Weichenstellungen erfordern eine fundierte Datenbasis. In diesem Buch finden sich wichtige Zahlen und Fakten zu den M{\"a}rkten f{\"u}r Mineral{\"o}l, Braunkohle, Steinkohle, Erdgas und Elektrizit{\"a}t. Au{\ss}erdem bietet der Autor einen {\"U}berblick {\"u}ber Strukturen, Marktteilnehmer, Preisbildungsmechanismen und gibt einen Einblick in die Bedarfsentwicklungen. Erneuerbare Energien, Klimaschutz und Emissionshandel werden in zwei eigenen Kapiteln behandelt. In {\"u}ber 100 Tabellen und mehr als 200 Diagrammen sind die umfangreichen Daten f{\"u}r den schnellen Zugang aufbereitet. Berater, Entscheider und an Kennzahlen interessierte Leser finden in diesem Buch umfangreiches Material f{\"u}r die eigene fachliche Fragestellung. Aus dem Inhalt - Grundlagen der Energiewirtschaft - Struktur einzelner Energie-Teilm{\"a}rkte - Erneuerbare Energien - Preisbildung in der Energiewirtschaft - Entwicklung der Energienachfrage - Klimaschutz und Emissionshandel - Perspektiven der Energieversorgung - Energiepolitik (Bundesebene) Die Zielgruppe - F{\"u}hrungskr{\"a}fte in Energieunternehmen - Professionals in den Bereichen Planung und Beratung, aus der Gesch{\"a}ftsf{\"u}hrung sowie Auditoren - Politiker und in der Verbandsarbeit aktive Personen - Wissenschaftler im Bereich Energiewirtschaft sowie Energie- und Klimapolitik Der Autor Dr. Hans-Wilhelm Schiffer ist Executive Chair of the World Energy Resources Programme des World Energy Council, London. Er war viele Jahre in zwei Bundesministerien sowie in leitender Funktion bei einem gro{\ss}en Energieunternehmen t{\"a}tig und ist Lehrbeauftragter in verschiedenen Masterstudieng{\"a}ngen an der RWTH Aachen},
  doi       = {10.1007/978-3-658-23024-1},
  url       = {https://doi.org/10.1007/978-3-658-23024-1},
}

@Article{Ni.2006,
  author  = {Ni, M. and Leung, M. K. H. and Leung, D. Y. C.},
  journal = {Chemical Engineering {\&} Technology},
  title   = {An Electrochemical Model of a Solid Oxide Steam Electrolyzer for Hydrogen Production},
  year    = {2006},
  volume  = {29},
  number  = {5},
  pages   = {636--642},
  doi     = {10.1002/ceat.200500378},
  issn    = {0930-7516},
}

@Book{Muller.2012,
  title     = {Handbuch der Elektrizit{\"a}tswirtschaft: Technische, wirtschaftliche und rechtliche Grundlagen},
  publisher = {{Springer Berlin}},
  year      = {2012},
  author    = {M{\"u}ller, Leonhard},
  address   = {Berlin},
  edition   = {2., Aufl. 2001},
  isbn      = {978-3-642-63194-8},
  price     = {Pb. : EUR 49.95 (DE)},
}

@Book{Konstantin.2013,
  title     = {Praxisbuch Energiewirtschaft: Energieumwandlung, -transport und -beschaffung im liberalisierten Markt},
  publisher = {{Springer Berlin Heidelberg}},
  year      = {2013},
  author    = {Konstantin, Panos},
  series    = {VDI-Buch},
  address   = {Berlin, Heidelberg and s.l.},
  edition   = {3., aktual. Aufl. 2013},
  isbn      = {978-3-642-37265-0},
  abstract  = {Dieses Buch stellt technisches und wirtschaftliches Praxiswissen {\"u}ber die Energiewirtschaft in der notwendigen Breite und Tiefe f{\"u}r die t{\"a}gliche Praxis zur Verf{\"u}gung. Das Themenspektrum ist breit angelegt. Es behandelt und analysiert die gesamte Kette der Energiebereitstellung von der rationellen Gewinnung, Umwandlung und Verteilung bis hin zu einer effizienten Anwendung von Energieformen und legt dabei den Schwerpunkt auf die technisch-wirtschaftlichen Zusammenh{\"a}nge. Der Text wird durch zahlreiche Abbildungen und 140 Tabellen erg{\"a}nzt. Zum besseren Verst{\"a}ndnis enth{\"a}lt das Buch auch ca. 80 praxisbezogene Beispiele. Diese sind in der Mehrzahl in MS-Excel berechnet und als Bild in den Textteil eingef{\"u}gt. Sie k{\"o}nnen von der Website des Autors heruntergeladen und bearbeitet werden. F{\"u}r die 3. Auflage wurden alle Kapitel aktualisiert, erg{\"a}nzt und auf den neusten Stand gebracht. Dies gilt insbesondere f{\"u}r die Stromerzeugung aus erneuerbaren Energien. Zus{\"a}tzlich wurden ein Glossar und ein Deutsch-Englisches Vokabular der wichtigsten Fachbegriffe aufgenommen. Der Inhalt Der Prim{\"a}renergiemarkt.- Beschaffung leitungsgebundener Energien.- Energierechtliche Rahmenbedingungen.- Investitionsrechnung in der Energiewirtschaft.- Physikalisch-technisches Grundwissen.- Energieumwandlung und Emissionen.- Kraftwerke, Technik und Kosten.- Kraft-W{\"a}rme-Kopplung, Technik, Kostenaufteilung.- Energietransport und -verteilung.- Abwicklung von Energieprojekten.- Abk{\"u}rzungsverzeichnis.- Sachverzeichnis. Alle wichtigen Fachbegriffe werden auch in Englisch angeben. ~ Die Zielgruppen Angesprochen werden Energiewirtschaftler, Energie-Consultants, Mitarbeiter von Ingenieurb{\"u}ros, Energiedienstleistungs- und Energieversorgungsunternehmen, Energiebeauftragte von Industriebetrieben, Verb{\"a}nden und Beh{\"o}rden sowie Studierende der Fachrichtungen Energiewirtschaft und Wirtschaftsingenieurwesen. ~ Der Autor Panos Konstantin ist Diplom Ingenieur und seit {\"u}ber 35 Jahren f{\"u}r eines der gr{\"o}{\ss}ten deutschen Energie Consulting Unternehmen im Bereich Energiewirtschaft t{\"a}tig. Das im Laufe seiner beruflichen T{\"a}tigkeit erworbene Wissen spiegelt sich im Buch wieder},
  doi       = {10.1007/978-3-642-37265-0},
  url       = {http://dx.doi.org/10.1007/978-3-642-37265-0},
}

@Article{Kibria.1996,
  author  = {Kibria, M.},
  journal = {International Journal of Hydrogen Energy},
  title   = {Electrochemical studies of the nickel electrode for the oxygen evolution reaction},
  year    = {1996},
  volume  = {21},
  number  = {3},
  pages   = {179--182},
  doi     = {10.1016/0360-3199(95)00066-6},
  issn    = {03603199},
}

@Article{Henao.2014,
  author  = {Henao, Christian and Agbossou, Kodjo and Hammoudi, Mhamed and Dub{\'e}, Yves and Cardenas, Alben},
  journal = {Journal of Power Sources},
  title   = {Simulation tool based on a physics model and an electrical analogy for an alkaline electrolyser},
  year    = {2014},
  volume  = {250},
  pages   = {58--67},
  doi     = {10.1016/j.jpowsour.2013.10.086},
  issn    = {03787753},
}

@Article{Haug.2017,
  author  = {Haug, Philipp and Koj, Matthias and Turek, Thomas},
  journal = {International Journal of Hydrogen Energy},
  title   = {Influence of process conditions on gas purity in alkaline water electrolysis},
  year    = {2017},
  volume  = {42},
  number  = {15},
  pages   = {9406--9418},
  doi     = {10.1016/j.ijhydene.2016.12.111},
  issn    = {03603199},
}

@Article{Han.1996,
  author  = {Han, Ping and Bartels, David M.},
  journal = {The Journal of Physical Chemistry},
  title   = {Temperature Dependence of Oxygen Diffusion inH2O and D2O$\dagger$},
  year    = {1996},
  volume  = {100},
  number  = {13},
  pages   = {5597--5602},
  doi     = {10.1021/jp952903y},
  issn    = {0022-3654},
}

@Article{Hammoudi.2012,
  author  = {Hammoudi, M. and Henao, C. and Agbossou, K. and Dub{\'e}, Y. and Doumbia, M. L.},
  journal = {International Journal of Hydrogen Energy},
  title   = {New multi-physics approach for modelling and design of alkaline electrolyzers},
  year    = {2012},
  volume  = {37},
  number  = {19},
  pages   = {13895--13913},
  doi     = {10.1016/j.ijhydene.2012.07.015},
  issn    = {03603199},
}

@Misc{TennetTSOGmbH50hertzTransmissionGmbHAmprionGmbHTransnetBWGmbH.31.Januar2019,
  author  = {{Tennet TSO GmbH, 50hertz Transmission GmbH, Amprion GmbH, TransnetBW GmbH}},
  title   = {EEG-Anlagenstammdaten: EEG-Anlagenstammdaten zur Jahresabrechnung 2017: EEG-Anlagenstammdaten TenneT TSO GmbH zur Jahresabrechnung 2017},
  year    = {31. Januar 2019},
  url     = {https://www.netztransparenz.de/EEG/Anlagenstammdaten},
  urldate = {28. Februar 2019},
}

@Article{DIEGUEZ.2008,
  author  = {DIEGUEZ, P. and URSUA, A. and SANCHIS, P. and SOPENA, C. and GUELBENZU, E. and GANDIA, L.},
  journal = {International Journal of Hydrogen Energy},
  title   = {Thermal performance of a commercial alkaline water electrolyzer: Experimental study and mathematical modeling},
  year    = {2008},
  volume  = {33},
  number  = {24},
  pages   = {7338--7354},
  doi     = {10.1016/j.ijhydene.2008.09.051},
  issn    = {03603199},
}

@Misc{Bundesnetzagentur.31.Januar2019,
  author  = {Bundesnetzagentur},
  title   = {SMARD~Strommarktdaten: Marktdaten},
  year    = {31. Januar 2019},
  url     = {https://www.smard.de/home/downloadcenter/download_marktdaten/},
  urldate = {28. Februar 2019},
}

@Article{Blok.1982,
  author  = {de Blok, W. J. and Fortuin, J. M. H. and Vermeulen, D. P.},
  journal = {W{\"a}rme- und Stoff{\"u}bertragung},
  title   = {Bestimmung des Diffusionskoeffizienten von Wasserstoff in Wasser und w{\"a}sserigen Polymerl{\"o}sungen nach der CBS-Methode},
  year    = {1982},
  volume  = {17},
  number  = {1},
  pages   = {11--16},
  doi     = {10.1007/BF01686960},
  issn    = {0042-9929},
}

@Article{BALEJ.1985,
  author  = {BALEJ, J.},
  journal = {International Journal of Hydrogen Energy},
  title   = {Water vapour partial pressures and water activities in potassium and sodium hydroxide solutions over wide concentration and temperature ranges},
  year    = {1985},
  volume  = {10},
  number  = {4},
  pages   = {233--243},
  doi     = {10.1016/0360-3199(85)90093-X},
  issn    = {03603199},
}

@Article{Akerlof.1941,
  author  = {Akerlof, Gosta and Bender, Paul},
  journal = {Journal of the American Chemical Society},
  title   = {The Density of Aqueous Solutions of Potassium Hydroxide},
  year    = {1941},
  volume  = {63},
  number  = {4},
  pages   = {1085--1088},
  doi     = {10.1021/ja01849a054},
  issn    = {0002-7863},
}

@Article{Abdin.2017,
  author  = {Abdin, Z. and Webb, C. J. and Gray, E.MacA.},
  journal = {Energy},
  title   = {Modelling and simulation of an alkaline electrolyser cell},
  year    = {2017},
  volume  = {138},
  pages   = {316--331},
  doi     = {10.1016/j.energy.2017.07.053},
  issn    = {03605442},
}

@PhdThesis{UniversitatUlm.2016,
  title   = {Elektrochemie: Elektrolyse und Brennstoffzelle},
  school  = {{Universit{\"a}t Ulm}},
  year    = {2016},
  type    = {Versuchsskript},
  address = {Ulm},
  url     = {https://www.uni-ulm.de/physchem-praktikum/media/fp/v_12.pdf},
  urldate = {22.02.2019},
}

@Article{Zhang.2010,
  author  = {Zhang, Houcheng and Lin, Guoxing and Chen, Jincan},
  journal = {International Journal of Hydrogen Energy},
  title   = {Evaluation and calculation on the efficiency of a water electrolysis system for hydrogen production},
  year    = {2010},
  volume  = {35},
  number  = {20},
  pages   = {10851--10858},
  doi     = {10.1016/j.ijhydene.2010.07.088},
  issn    = {03603199},
}

@Misc{Umweltbundesamt.,
  author = {Umweltbundesamt},
  title  = {Klimarahmenkonvention der Vereinten Nationen (UNFCCC)},
  url    = {https://www.umweltbundesamt.de/themen/klima-energie/internationale-eu-klimapolitik/klimarahmenkonvention-der-vereinten-nationen-unfccc.},
}

@Book{Tjarks.2017,
  title     = {PEM-Elektrolyse-Systeme zur Anwendung in Power-to-Gas Anlagen},
  publisher = {{Forschungszentrum J{\"u}lich GmbH, Zentralbibliothek}},
  year      = {2017},
  author    = {Tjarks, Geert},
  volume    = {Band 366},
  series    = {Schriften des Forschungszentrums J{\"u}lich : [...], Reihe Energie {\&} Umwelt},
  address   = {J{\"u}lich},
  isbn      = {978-3-95806-217-7},
}

@PhdThesis{DeNiangThe.12.2015,
  author    = {{De-Niang The}},
  title     = {Identifizierung, Charakterisierung und Interpretation der Zelldegradation von Hochtemperatur- Elektrolysezellen im Langzeitbetrieb},
  school    = {{RWTH Aachen}},
  year      = {12.2015},
  type      = {Dissertation},
  address   = {Aachen},
  publisher = {Mathematik, Informatik und Naturwissenschaften},
  url       = {https://d-nb.info/1129875873/34},
  urldate   = {22.02.2019},
}

@Misc{Sunfire.2017,
  author  = {Sunfire},
  title   = {SUNFIRE-HYLINK: Clean Hydrogen for Sector Integration},
  year    = {2017},
  editor  = {{Sunfire GmbH}},
  url     = {https://www.sunfire.de/files/sunfire/images/content/Produkte_Technologie/factsheets/Sunfire-HyLink_FactSheet.pdf},
  urldate = {03.03.2019},
}

@PhdThesis{Stefener.,
  author    = {Stefener, Manfred},
  title     = {Praktikum Brennstoffzellen},
  school    = {{Technische Universit{\"a}t M{\"u}nchen}},
  type      = {Praktikumsskript},
  address   = {M{\"u}nchen},
  publisher = {Department f{\"u}r Physik E19},
  url       = {https://www.ph.tum.de/academics/org/labs/fopra/docs/userguide-57.de.pdf},
  urldate   = {22.02.2019},
}

@Misc{Smolinka.05.07.2011,
  author      = {Smolinka, Tom and G{\"u}nther, Martin and Garche, J{\"u}rgen},
  title       = {Stand und Entwicklungspotential der Wasserelektrolyse zur Herstellung von Wasserstoff aus regenerativen Energien: Kurzfassung und Abschlussbericht},
  date        = {05.07.2011},
  institution = {{Frauenhofer ISE, FCBAT}},
}

@Misc{Schnurnberge.2004,
  author      = {Schnurnberge, Werner},
  title       = {Methoden der Wasserstofferzeugung},
  date        = {2004},
  editor      = {{Forschungsverbund Sonnenenergie}},
  institution = {DLR},
}

@Book{Schmidt.2004,
  title     = {Elektrochemische Verfahrenstechnik: Grundlagen, Reaktionstechnik, Proze{\ss}optimierung},
  publisher = {Wiley-VCH},
  year      = {2004},
  author    = {Schmidt, Volkmar M.},
  address   = {Weinheim},
  isbn      = {3-527-29958-0},
  abstract  = {Einf{\"u}hrung -- Elektrochemische Grundlagen -- Transportprozesse in der elektrochemischen Verfahrenstechnik -- Elektrochemische Reaktionstechnik -- Verfahrenstechnik -- Elektrolyseverfahren -- Elektrochemische Energietechnik},
  doi       = {10.1002/3527602143},
  url       = {http://www3.interscience.wiley.com/cgi-bin/bookhome/108563465},
}

@Book{Rebhan.2014,
  title     = {Energiehandbuch: Gewinnung, Wandlung und Nutzung von Energie},
  publisher = {{Springer Berlin}},
  year      = {2014},
  author    = {Rebhan, Eckhard},
  series    = {VDI-Buch},
  address   = {Berlin},
  edition   = {Softcover reprint of the original 1st ed. 2002},
  isbn      = {978-3-642-62518-3},
  price     = {Pb. : EUR 122.99 (DE)},
}

@Article{Petipas.2013,
  author  = {Petipas, Floriane and Brisse, Annabelle and Bouallou, Chakib},
  journal = {Journal of Power Sources},
  title   = {Model-based behaviour of a high temperature electrolyser system operated at various loads},
  year    = {2013},
  volume  = {239},
  pages   = {584--595},
  doi     = {10.1016/j.jpowsour.2013.03.027},
  issn    = {03787753},
}

@Article{Ni.2006,
  author  = {Ni, Meng and Leung, Michael K.H. and Leung, Dennis Y.C.},
  journal = {Journal of Power Sources},
  title   = {A modeling study on concentration overpotentials of a reversible solid oxide fuel cell},
  year    = {2006},
  volume  = {163},
  number  = {1},
  pages   = {460--466},
  doi     = {10.1016/j.jpowsour.2006.09.024},
  issn    = {03787753},
}

@Misc{Missal.12.03.2014,
  author  = {Missal, Peter},
  title   = {Power-to-Gas: Wirtschaftlichkeitsbetrachtung und Sensitivit{\"a}tsanalyse},
  year    = {12.03.2014},
  address = {6. Lauterer Energieforum and SWK~AG Kaiserslautern},
  url     = {https://www.swk-kl.de/fileadmin/data/downloads/pdfs/Energieforum/Vortrag_Missal_fuer_Internet.pdf},
  urldate = {28.02.2019},
}

@Misc{Mergel.2012,
  author      = {Mergel, J{\"u}rgen and Emonts, Bernd},
  title       = {Wasserelektrolyse und regenerative Gase als Schl{\"u}sselfaktoren f{\"u}r die Energiesystemtransformation},
  address     = {J{\"u}lich},
  date        = {2012},
  institution = {{FZ J{\"u}lich}},
}

@Article{NI.2007,
  author  = {NI, M. and LEUNG, M. and LEUNG, D.},
  journal = {International Journal of Hydrogen Energy},
  title   = {Energy and exergy analysis of hydrogen production by solid oxide steam electrolyzer plant},
  year    = {2007},
  volume  = {32},
  number  = {18},
  pages   = {4648--4660},
  doi     = {10.1016/j.ijhydene.2007.08.005},
  issn    = {03603199},
}

@Article{NI.2007b,
  author  = {NI, M. and LEUNG, M. and LEUNG, D.},
  journal = {International Journal of Hydrogen Energy},
  title   = {Parametric study of solid oxide steam electrolyzer for hydrogen production},
  year    = {2007},
  volume  = {32},
  number  = {13},
  pages   = {2305--2313},
  doi     = {10.1016/j.ijhydene.2007.03.001},
  issn    = {03603199},
}

@Misc{Lindermeir.7.11.2017,
  author       = {Lindermeir, Andreas and Turek, Thomas},
  title        = {Wasserelektrolyse und Synthesegasprozesse: Schl{\"u}sseltechnologien f{\"u}r Energiespeicherung und Sektorkopplung},
  year         = {7.11.2017},
  address      = {Hannover},
  institutions = {{TU Clausthal}},
}

@Book{Kurzweil.2015,
  title     = {Elektrochemische Speicher: Superkondensatoren, Batterien, Elektrolyse-Wasserstoff, rechtliche Grundlagen},
  publisher = {{Springer Vieweg}},
  year      = {2015},
  author    = {Kurzweil, Peter and Dietlmeier, Otto K.},
  address   = {Wiesbaden},
  isbn      = {978-3-658-10899-1},
  abstract  = {Dieses praxisnahe Lehrbuch~und Nachschlagewerk f{\"u}hrt durch die Welt der elektrochemischen Energiewandler und ihren modernen Anwendungen vor dem Hintergrund nachhaltiger Energiekonzepte. Der Fachtext erhellt die Speicherung {\"u}bersch{\"u}ssiger Wind- und Solarenergie, bis hin zur chemischen Speicherform Wasserstoff aus nicht-fossilen Ressourcen. Jeder Themenbereich behandelt die physikalischen, chemischen, ingenieurtechnischen und materialwissenschaftlichen Grundlagen und erlaubt so eine interdisziplin{\"a}re Sicht auf die technischen Anwendungen und den Entwicklungsstand neuartiger Speicherkomponenten. {\"U}bungsbeispiele und Rechenaufgaben runden den Text ab und erlauben ein fundiertes Selbststudium, ohne Aspekte der aktuellen Forschung und eine {\"U}bersicht der rechtlichen Rahmenbedingungen auszusparen. Der Inhalt Grundlagen der Energiewandlung - Doppelschichtkondensatoren - Lithiumionen-Batterien - Traktions- und Speicherbatterien: Blei, Nickel, Natrium - Hochenergiebatterien nach Lithium-Ion - Redox-Flow-Batterien -~Elektrolyse von Wasser - Wasserstoff als chemischer Speicher - Rechtliche Rahmenbedingungen Die Zielgruppen - Studierende der Natur- und Ingenieurwissenschaften - Entwickler und Praktiker im Beruf - Entscheider in Firmen und in der Politik Die Autoren Professor Dr. Peter Kurzweil lehrt und forscht an der Technischen Hochschule Amberg-Weiden im Fachbereich Maschinenbau/Umwelttechnik. Ltd. Rechtsdire{\textless} ktor a.D.~Dr. Otto K. Dietlmeier hat einen Lehrauftrag f{\"u}r Europarecht und Umweltrecht inkl. Energierecht im gleichen Fachbereich inne.},
  doi       = {10.1007/978-3-658-10900-4},
  url       = {http://dx.doi.org/10.1007/978-3-658-10900-4},
}

@InCollection{Kurzweil.2016,
  author    = {Kurzweil, Peter},
  title     = {Thermodynamik und Kinetik der Brennstoffzelle},
  booktitle = {Brennstoffzellentechnik},
  publisher = {{Springer Fachmedien Wiesbaden}},
  year      = {2016},
  editor    = {Kurzweil, Peter},
  pages     = {17--52},
  address   = {Wiesbaden},
  isbn      = {978-3-658-14934-5},
  doi       = {10.1007/978-3-658-14935-2{\textunderscore }2},
}

@Book{Kurzweil.2016b,
  title     = {Brennstoffzellentechnik},
  publisher = {{Springer Fachmedien Wiesbaden}},
  year      = {2016},
  editor    = {Kurzweil, Peter},
  address   = {Wiesbaden},
  isbn      = {978-3-658-14934-5},
  doi       = {10.1007/978-3-658-14935-2},
}

@PhdThesis{Klein.2013,
  author    = {Klein, Miriam},
  title     = {Entwicklung eines modelltheoretischen Simulationsprogramms f{\"u}r oxidkera-mische Hochtemperatur-Brennstoffzellenstacks (SOFC)},
  school    = {{Universit{\"a}t Stuttgart}},
  year      = {2013},
  type      = {Masterarbeit},
  address   = {Stuttgart},
  publisher = {Thermodynamik und W{\"a}rmeenergietechnik},
  url       = {https://elib.dlr.de/78322/1/Text.pdf},
  urldate   = {24.02.2019},
}

@Misc{Klaus,
  author = {Klaus, Thomas and Vollmer, Carla and Werner, Kathrin and Lehmann, Harry and M{\"u}schen, Klaus @Book{Crastan2018, Title = {Elektrische Energieversorgung 3: Dynamik, Regelung und Stabilit{\"a}t, Versorgungsqualit{\"a}t, Netzplanung, Betriebsplanung und -f{\"u}hrung, Leit- und Informationstechnik, FACTS, HG{\"U}}, Author = {Crastan, V. and Westermann, D.}, Publisher = {Springer Berlin Heidelberg}, Year = {2018}, ISBN = {9783662490211}, Owner = {dafu}, Timestamp = {2018.11.17}, Url = {https://books.google.de/books?id=6xtJDwAAQBAJ} }},
  title  = {Energieziel 2050: 100{\%} Strom aus erneuerbaren Quellen},
  date   = {Juli 2010},
  editor = {Umweltbundesamt},
}

@Misc{Jung,
  author = {Jung, Herbert and Oppermann, Martin and Streicher, Rolf},
  title  = {Entwicklung eines fortschrittlichen Wasserelektrolyseurs: Abschlu{\ss}bericht zum Lurgi-FE-Vorhaben ''Fortschrittliche Wasserelektrolyse''},
}

@PhdThesis{Hey.26.Oktober2012,
  author  = {Hey, Bastian},
  title   = {Power-to-Gas als M{\"o}glichkeit zur Speicherung eines Energie{\"u}berangebots und als Bestandteil eines flexiblen Demand Siede Mamagements},
  school  = {{Hamburg University of Applied Science}},
  year    = {26. Oktober 2012},
  type    = {Mastertheses},
  address = {Hamburg},
}

@Article{HernandezPacheco.2004,
  author  = {Hern{\'a}ndez-Pacheco, Eduardo and Singh, Devinder and Hutton, Phillip N. and Patel, Nikhil and Mann, Michael D.},
  journal = {Journal of Power Sources},
  title   = {A macro-level model for determining the performance characteristics of solid oxide fuel cells},
  year    = {2004},
  volume  = {138},
  number  = {1-2},
  pages   = {174--186},
  doi     = {10.1016/j.jpowsour.2004.06.051},
  issn    = {03787753},
}

@Book{Harris.2014,
  title     = {Lehrbuch der Quantitativen Analyse},
  publisher = {{Springer Spektrum}},
  year      = {2014},
  author    = {Harris, Daniel C. and Werner, Gerhard and Werner, Tobias},
  address   = {Berlin},
  edition   = {8., vollst. {\"u}berarb. erw. Aufl. 2014},
  isbn      = {978-3-642-37787-7},
  abstract  = {Das weltweit verbreitetste Lehrbuch der quantitativen Analytik erscheint in der 8. amerikanischen Auflage nun zum zweiten Mal in bearbeiteter Form als deutsche {\"U}bersetzung. Es f{\"u}hrt in die theoretischen Grundlagen der analytischen Chemie ein und stellt immer wieder Bez{\"u}ge zur Anwendung im Labor her. Die besondere Bedeutung der Analytik f{\"u}r das Gesamtgebiet der Chemie und f{\"u}r die Bio-, Umwelt- und Materialwissenschaften wird mit Nachdruck herausgearbeitet. Neben fl{\"u}ssig geschriebenen Texten und anschaulichen Grafiken gibt es kleine Exkurse mit interessanten Anwendungsbeispielen, kurze Versuchsbeschreibungen, zusammenfassende Abschnitte zur Rekapitulation des Gelernten und unz{\"a}hlige {\"U}bungen mit teils ausf{\"u}hrlichen, teils knappen Antworten. Alle modernen Techniken werden auf dem neuesten Stand der Ger{\"a}teentwicklung behandelt. Daniel C. Harris versteht es als Autor in hervorragender Weise, mit seinem originellen Schreibstil seine Begeisterung f{\"u}r die analytische Chemie auf die Studierenden zu {\"u}bertragen. {\"U}ber 600 Literaturzitate aus meist leicht zug{\"a}nglichen und didaktisch vorz{\"u}glichen Quellen sind eine wertvolle Bereicherung f{\"u}r eine weitere Vertiefung des Stoffs. Auf der englischsprachigen Internet-Seite (Link unter www.springer.com/978-3-642-37787-7) befinden sich erg{\"a}nzende Tutorien und Arbeitsbl{\"a}tter. Der {\glqq}Harris{\grqq} ist nicht nur ein guter Wegbegleiter durch das Chemiestudium vom Beginn bis zum Examen, sondern eignet sich auch in besonderer Weise f{\"u}r alle naturwissenschaftlichen, medizinischen und technischen {\glqq}Nebenf{\"a}chler{\grqq}, die in diesem Buch viel Interessantes und Wissenswertes {\"u}ber das interdisziplin{\"a}re Fachgebiet der analytischen Chemie finden. Autor und Herausgeber: Daniel C. Harris ist Wissenschaftler am US Navy Michelson Laboratory in China Lake, Kalifornien. {\"U}bersetzt und bearbeitet ist diese deutsche Ausgabe von Gerhard Werner, emeritierter Professor f{\"u}r Analytische Chemie an der Universit{\"a}t Leipzig, und Tobias Werner, Professor f{\"u}r Allgemeine und Analytische Chemie an der Hochschule Mannheim.},
  doi       = {10.1007/978-3-642-37788-4},
  url       = {http://dx.doi.org/10.1007/978-3-642-37788-4},
}

@PhdThesis{Goetz.2000,
  author    = {Goetz, Michael},
  title     = {Katalysatorentwicklung f{\"u}r die anodische Oxidation von Methanolund CO-haltigem Wasserstoff in Membranbrennstoffzellen},
  school    = {{Universit{\"a}t Darmstadt}},
  year      = {2000},
  type      = {Dissertation},
  address   = {Wertheim},
  publisher = {Cemische Technologie},
  url       = {http://tuprints.ulb.tu-darmstadt.de/69/1/goetz1.pdf},
  urldate   = {24.02.2019},
}

@Misc{DeutscheEnergieAgenturGmbH.06.2018,
  title   = {Power to X: Strombezug},
  date    = {06.2018},
  editor  = {{Deutsche Energie-Agentur GmbH}},
  url     = {https://www.dena.de/fileadmin/dena/Dokumente/Pdf/607/9264_Power_to_X_Strombezug.pdf},
  urldate = {27.02.2019},
}

@Misc{Gluck.,
  author  = {Gl{\"u}ck, Oliver},
  title   = {Annuit{\"a}t},
  url     = {https://welt-der-bwl.de/Annuit%C3%A4t},
  urldate = {28.02.2019},
}

@Book{Ghaib.2017,
  title     = {Das Power-to-Methane-Konzept},
  publisher = {{Springer Fachmedien Wiesbaden}},
  year      = {2017},
  editor    = {Ghaib, Karim},
  series    = {essentials},
  address   = {Wiesbaden},
  isbn      = {978-3-658-19725-4},
  doi       = {10.1007/978-3-658-19726-1},
}

@InCollection{Ghaib.2017b,
  author    = {Ghaib, Karim},
  title     = {Wasserelektrolyse},
  booktitle = {Das Power-to-Methane-Konzept},
  publisher = {{Springer Fachmedien Wiesbaden}},
  year      = {2017},
  editor    = {Ghaib, Karim},
  series    = {essentials},
  pages     = {3--10},
  address   = {Wiesbaden},
  isbn      = {978-3-658-19725-4},
  doi       = {10.1007/978-3-658-19726-1{\textunderscore }2},
}

@Article{EspinosaLopez.2018,
  author  = {Espinosa-L{\'o}pez, Manuel and Darras, Christophe and Poggi, Philippe and Glises, Raynal and Baucour, Philippe and Rakotondrainibe, Andr{\'e} and Besse, Serge and Serre-Combe, Pierre},
  journal = {Renewable Energy},
  title   = {Modelling and experimental validation of a 46 kW PEM high pressure water electrolyzer},
  year    = {2018},
  volume  = {119},
  pages   = {160--173},
  doi     = {10.1016/j.renene.2017.11.081},
  issn    = {09601481},
}

@Article{Cai.2010,
  author  = {Cai, Qiong and Brandon, Nigel P. and Adjiman, Claire S.},
  journal = {Frontiers of Energy and Power Engineering in China},
  title   = {Modelling the dynamic response of a solid oxide steam electrolyser to transient inputs during renewable hydrogen production},
  year    = {2010},
  volume  = {4},
  number  = {2},
  pages   = {211--222},
  doi     = {10.1007/s11708-010-0037-6},
  issn    = {1673-7393},
}

@Article{Buttler.2018,
  author  = {Buttler, Alexander and Spliethoff, Hartmut},
  journal = {Renewable and Sustainable Energy Reviews},
  title   = {Current status of water electrolysis for energy storage, grid balancing and sector coupling via power-to-gas and power-to-liquids: A review},
  year    = {2018},
  volume  = {82},
  pages   = {2440--2454},
  doi     = {10.1016/j.rser.2017.09.003},
  issn    = {13640321},
}

@Misc{Bayer.2000,
  author    = {Bayer, Michael},
  title     = {Entwicklung alternativer Elektroden und Aktivierungskonzepte f{\"u}r die alkalische Hochleistungselektrolyse},
  abstract  = {Thema dieser Arbeit ist die alkalische Hochleistungselektrolyse. Dabei werden Wasserstoff und Sauerstoff unter erh{\"o}htem Druck (30 - 50 bar) und erh{\"o}hter Temperatur erzeugt. Es wird ein Verfahren zur Herstellung von gesch{\"a}umten Sinternickelelektroden vorgestellt. Diese Elektroden zeigen sehr gute Gasentwicklungseigenschaften. Au{\ss}erdem wurden Aktivierungen der Anode und der Kathode untersucht, die zu einer deutlichen Reduktion der Entwicklungspotentiale f{\"u}hren.},
  address   = {Ulm},
  date      = {2000},
  doi       = {10.18725/OPARU-57},
  publisher = {{Universit{\"a}t Ulm}},
}

@Article{Abdin.2015,
  author  = {Abdin, Z. and Webb, C. J. and Gray, E.MacA.},
  journal = {International Journal of Hydrogen Energy},
  title   = {Modelling and simulation of a proton exchange membrane (PEM) electrolyser cell},
  year    = {2015},
  volume  = {40},
  number  = {39},
  pages   = {13243--13257},
  doi     = {10.1016/j.ijhydene.2015.07.129},
  issn    = {03603199},
}

@Article{Esposito2017,
  author    = {Esposito, Daniel V},
  journal   = {Joule},
  title     = {Membraneless electrolyzers for low-cost hydrogen production in a renewable energy future},
  year      = {2017},
  volume    = {1},
  number    = {4},
  pages     = {651--658},
  publisher = {Elsevier},
}

@Article{Rogelj2016,
  author    = {Rogelj, Joeri and Den Elzen, Michel and H{\"o}hne, Niklas and Fransen, Taryn and Fekete, Hanna and Winkler, Harald and Schaeffer, Roberto and Sha, Fu and Riahi, Keywan and Meinshausen, Malte},
  journal   = {Nature},
  title     = {Paris Agreement climate proposals need a boost to keep warming well below 2 C},
  year      = {2016},
  volume    = {534},
  number    = {7609},
  pages     = {631},
  publisher = {Nature Publishing Group},
}

@Electronic{Schneider2018,
  address     = {Freiburg},
  author      = {Karin Schneider},
  institution = {Fraunhofer ISE},
  note        = {\url{https://www.ise.fraunhofer.de/content/dam/ise/de/documents/presseinformationen/2018/0818_ISE_d_PI_Cheapflex.pdf}, last checked: 2019-03-04},
  title       = {Presseinformation: ''CheapFlex'' – Dynamische Stromtarife f\"{u}r ein Smart Grid per Rundsteuertechnik},
  year        = {2018},
}

@Book{Crastan2018,
  title     = {Elektrische Energieversorgung 3: Dynamik, Regelung und Stabilit{\"a}t, Versorgungsqualit{\"a}t, Netzplanung, Betriebsplanung und -f{\"u}hrung, Leit- und Informationstechnik, FACTS, HG{\"U}},
  publisher = {Springer Berlin Heidelberg},
  year      = {2018},
  author    = {Crastan, V. and Westermann, D.},
  isbn      = {9783662490211},
  owner     = {dafu},
  timestamp = {2018.11.17},
  url       = {https://books.google.de/books?id=6xtJDwAAQBAJ},
}

@Comment{jabref-meta: databaseType:bibtex;}
